<?xml version="1.0" encoding="UTF-8"?><collection xmlns="http://www.loc.gov/MARC21/slim"><record><leader>00541nam--2200193-u-4500</leader><controlfield tag="001">000051669</controlfield><controlfield tag="002">20161230</controlfield><controlfield tag="005">20161230201049</controlfield><controlfield tag="008">080818s1000------------r-----000-0-eng-d</controlfield><datafield ind1=" " ind2=" " tag="020"><subfield code="a">376430068x</subfield></datafield><datafield ind1=" " ind2=" " tag="040"><subfield code="a">IFIN-HH</subfield></datafield><datafield ind1=" " ind2=" " tag="080"><subfield code="a">517.55</subfield></datafield><datafield ind1="1" ind2=" " tag="100"><subfield code="a">Alpay, Daniel (Ed.)</subfield></datafield><datafield ind1="1" ind2="0" tag="245"><subfield code="a">Rproducing Kernal Spaces and Applications</subfield><subfield code="c">Daniel Alpay (Ed.)</subfield></datafield><datafield ind1=" " ind2=" " tag="260"><subfield code="a">Basel</subfield><subfield code="b">Birkhauser Verlag</subfield><subfield code="c">2003</subfield></datafield><datafield ind1=" " ind2=" " tag="300"><subfield code="a">344 p</subfield></datafield><datafield ind1=" " ind2=" " tag="490"><subfield code="a">Operator Theory Advances and Applications</subfield><subfield code="v">vol. 143</subfield></datafield><datafield ind1=" " ind2=" " tag="852"><subfield code="a">81641</subfield><subfield code="c">517.5</subfield></datafield><datafield ind1=" " ind2=" " tag="CAT"><subfield code="a">Sys</subfield><subfield code="c">20110311</subfield><subfield code="h">112820</subfield></datafield></record></collection>